
@article{Mieno2024,
    author = {Mieno, Takuya and Funakoshi, Mitsuru},
    title = {Data Structures for Computing Unique Palindromes in Static and Non-Static Strings},
    year = {2024},
    journal = {Algorithmica},
    volume = {86},
    number = {3},
    pages = {852--873}
}

